@article{Chen2019,
   abstract = {BACKGROUND: Hepatoblastoma (HB) is the most common hepatic malignant tumour in children, accounting for approximately 50\%-60\% of primary hepatic malignant tumours in children, mostly in children under 3 years old. In Western countries, the incidence of hepatoblastoma is approximately 1-2/100000. Da Vinci surgical system is fast becoming a key instrument in microinvasive surgery. The past decade has seen the rapid development of robot-assisted laparoscopy, which expends many fields including the liver surgery. This paper discusses the significance and feasibility of robot-assisted gallbladder-preserving hepatectomy for treating S5 hepatoblastoma in children. The aim of this essay is to compare the safety and effectiveness of robotic surgery with conventional laparoscopic surgery, and explore the meaning of preservation of the gallbladder by sharing this case. CASE SUMMARY: A 3-year-old child with a liver mass in the 5(th) segment was treated using the Da Vinci surgical system, and the gallbladder was retained. The child was admitted to the hospital for 20 d for the discovery of the right hepatic lobe mass. Ultrasonography revealed a low echo mass, 46 mm x 26 mm x 58 mm in size, indicating hepatoblastoma in the right lobe, and enhanced computed tomography showed continuous enhancement of iso-low-density lesions with different sizes and nodules and unclear boundaries, without the dilation of the intrahepatic bile duct, no enlargement of the gallbladder, and uniform thickness of the wall. The diagnosis was "liver mass, hepatoblastoma". It was decided to perform S5 liver tumour resection. During surgery, the tumour and gallbladder were isolated first, and the gallbladder could be completely separated from the tumour surface without obvious infiltration; therefore, the gallbladder was preserved. The cutting line was marked with an electric hook. The hepatic duodenal ligament was blocked with a urethral catheter using the Pringle method, and the tumour and part of the normal liver tissue were completely resected with an ultrasound knife along the incision. The hepatic portal interdiction time was approximately 25 min. An abdominal drainage tube was inserted. The auxiliary hole was connected to the lens, and the specimen was removed. The patient's status was uneventful, and the operation time was 166 min. The robotic time was 115 min, and the bleeding amount was approximately 200 mL. In total, 300 mL of red blood cell suspension and 200 mL of plasma were injected. No serious complications occurred. Pathological findings confirmed fetal hepatoblastoma and R0 resection. A gallbladder contraction test was performed two weeks after surgery. CONCLUSION: Robot-assisted S5 hepatectomy with gallbladder preservation is safe and feasible for specific patients.},
   author = {Di-Xiang Chen and Shan-Jie Wang and Ya-Nan Jiang and Mu-Chuan Yu and Jun-Zhen Fan and Xian-Qiang Wang},
   doi = {10.12998/wjcc.v7.i7.872},
   isbn = {0000000257411},
   issn = {2307-8960},
   issue = {7},
   journal = {World Journal of Clinical Cases},
   pages = {872-880},
   title = {Robot-assisted gallbladder-preserving hepatectomy for treating S5 hepatoblastoma in a child: A case report and review of the literature},
   volume = {7},
   year = {2019},
}


@Article{pmid34464895,
   Author="Chen, S. Y.  and Zamora, A. K.  and Lascano, D.  and Zhou, S.  and Kim, E. S.  and Stein, J. E. ",
   Title="{{O}utcomes of {C}entral {H}epatectomy for {P}ediatric {L}iver {T}umors}",
   Journal="J Surg Res",
   Year="2021",
   Volume="268",
   Pages="570--575",
   Month="Aug"
}

% 34441025 
@Article{pmid34441025,
   Author="Moosburner, S.  and Schmelzle, M.  and Schöning, W.  and Kästner, A.  and Seika, P.  and Globke, B.  and Dziodzio, T.  and Pratschke, J.  and Öllinger, R.  and Gül-Klein, S. ",
   Title="{{L}iver {T}ransplantation {I}s {H}ighly {E}ffective in {C}hildren with {I}rresectable {H}epatoblastoma}",
   Journal="Medicina (Kaunas)",
   Year="2021",
   Volume="57",
   Number="8",
   Month="Aug"
}

% 33718305 
@Article{pmid33718305,
   Author="Cho, Y. J.  and Namgoong, J. M.  and Kwon, H. H.  and Kwon, Y. J.  and Kim, D. Y.  and Kim, S. C. ",
   Title="{{T}he {A}dvantages of {I}ndocyanine {G}reen {F}luorescence {I}maging in {D}etecting and {T}reating {P}ediatric {H}epatoblastoma: {A} {P}reliminary {E}xperience}",
   Journal="Front Pediatr",
   Year="2021",
   Volume="9",
   Pages="635394"
}

% 33575308 
@Article{pmid33575308,
   Author="Yong, C. C.  and Chen, C. L.  and Li, Z.  and Ong, A. D. ",
   Title="{{S}egment 6 monosegment-preserving hepatectomy for hepatoblastoma: individualizing treatment beyond the resectability criteria}",
   Journal="Hepatobiliary Surg Nutr",
   Year="2021",
   Volume="10",
   Number="1",
   Pages="142--145",
   Month="Jan"
}

% 33526266 
@Article{pmid33526266,
   Author="Ziogas, I. A.  and Benedetti, D. J.  and Wu, W. K.  and Matsuoka, L. K.  and Izzy, M.  and Rauf, M. A.  and Pai, A. K.  and Bailey, C. E.  and Alexopoulos, S. P. ",
   Title="{{M}anagement of hepatoblastoma in the {U}nited {S}tates: {C}an we do better?}",
   Journal="Surgery",
   Year="2021",
   Volume="170",
   Number="2",
   Pages="579--586",
   Month="08"
}

% 33224825 
@Article{pmid33224825,
   Author="Yu, W.  and Liu, X.  and Li, J.  and Xi, Z.  and Jin, J.  and Huang, H.  and Ge, Y.  and Xia, Q. ",
   Title="{{A} single-center retrospective analysis of childhood hepatoblastoma in {C}hina}",
   Journal="Gland Surg",
   Year="2020",
   Volume="9",
   Number="5",
   Pages="1502--1512",
   Month="Oct"
}

% 33210501 
@Article{pmid33210501,
   Author="Filin, A. V.  and Kim, E. F.  and Charchyan, E. R.  and Metelin, A. V.  and Dymova, O. V.  and Kachanov, D. Y.  and Moiseenko, R. A.  and Khovrin, V. V.  and Kryzhanovskaya, E. Y.  and Kazakova, O. V.  and Ryabov, A. B.  and Bazarov, D. V. ",
   Title="{[{L}iver transplantation for hepatoblastoma in children]}",
   Journal="Khirurgiia (Mosk)",
   Year="2020",
   Number="11",
   Pages="5--13"
}

% 32843604 
@Article{pmid32843604,
   Author="Akhaladze, D.  and Uskova, N.  and Rabaev, G.  and Kachanov, D.  and Grachev, N. ",
   Title="{{A} minimally invasive first stage of {A}{L}{P}{P}{S} for hepatoblastoma in a child}",
   Journal="Ann Hepatobiliary Pancreat Surg",
   Year="2020",
   Volume="24",
   Number="3",
   Pages="352--356",
   Month="Aug"
}

% 32603027 
@Article{pmid32603027,
   Author="Aguado, A.  and Dunn, S. P.  and Averill, L. W.  and Chikwava, K. R.  and Gresh, R.  and Rabinowitz, D.  and Katzenstein, H. M. ",
   Title="{{S}uccessful use of transarterial radioembolization with yttrium-90 ({T}{A}{R}{E}-{Y}90) in two children with hepatoblastoma}",
   Journal="Pediatr Blood Cancer",
   Year="2020",
   Volume="67",
   Number="9",
   Pages="e28421",
   Month="09"
}

% 32458263 
@Article{pmid32458263,
   Author="Kulkarni, S.  and Brauer, D. G.  and Turmelle, Y.  and Stoll, J.  and Nadler, M.  and Chapman, W. C.  and Doyle, M. B.  and Khan, A. S. ",
   Title="{{S}urgical {T}herapy for {P}ediatric {H}epatoblastoma in the {U}{S}{A} over the {L}ast {D}ecade: {A}nalysis of the {N}ational {C}ancer {D}atabase}",
   Journal="J Gastrointest Cancer",
   Year="2021",
   Volume="52",
   Number="2",
   Pages="547--556",
   Month="Jun"
}

% 32421442 
@Article{pmid32421442,
   Author="Hiyama, E.  and Hishiki, T.  and Watanabe, K.  and Ida, K.  and Ueda, Y.  and Kurihara, S.  and Yano, M.  and Hoshino, K.  and Yokoi, A.  and Takama, Y.  and Nogami, Y.  and Taguchi, T.  and Mori, M.  and Kihira, K.  and Miyazaki, O.  and Fuji, H.  and Honda, S.  and Iehara, T.  and Kazama, T.  and Fujimura, J.  and Tanaka, Y.  and Inoue, T.  and Tajiri, T.  and Kondo, S.  and Oue, T.  and Yoshimura, K. ",
   Title="{{O}utcome and {L}ate {C}omplications of {H}epatoblastomas {T}reated {U}sing the {J}apanese {S}tudy {G}roup for {P}ediatric {L}iver {T}umor 2 {P}rotocol}",
   Journal="J Clin Oncol",
   Year="2020",
   Volume="38",
   Number="22",
   Pages="2488--2498",
   Month="08"
}

% 32379933 
@Article{pmid32379933,
   Author="Rammohan, A.  and Rela, M.  and Kumar, G. V.  and Scott, J. X.  and Shanmugam, N.  and Reddy, M. S.  and Ramachandran, P. ",
   Title="{{O}utcomes for high-risk hepatoblastoma in a resource-challenged setting}",
   Journal="BJS Open",
   Year="2020",
   Volume="4",
   Number="4",
   Pages="630--636",
   Month="08"
}

% 32181433 
@Article{pmid32181433,
   Author="Namgoong, J. M.  and Hwang, S.  and Oh, S. H.  and Kim, K. M.  and Park, G. C.  and Ahn, C. S.  and Kwon, H.  and Cho, Y. J.  and Kwon, Y. J. ",
   Title="{{L}iving-donor liver transplantation with inferior vena cava replacement in an infant recipient with advanced hepatoblastoma}",
   Journal="Ann Hepatobiliary Pancreat Surg",
   Year="2020",
   Volume="24",
   Number="1",
   Pages="72--77",
   Month="Feb"
}

% 31931965 
@Article{pmid31931965,
   Author="Lake, C. M.  and Tiao, G. M.  and Bondoc, A. J. ",
   Title="{{S}urgical management of locally-advanced and metastatic hepatoblastoma}",
   Journal="Semin Pediatr Surg",
   Year="2019",
   Volume="28",
   Number="6",
   Pages="150856",
   Month="Dec"
}

% 31718024 
@Article{pmid31718024,
   Author="Dembowska-Bagińska, B.  and Więckowska, J.  and Brożyna, A.  and Święszkowska, E.  and Ismail, H.  and Broniszczak-Czyszek, D.  and Stefanowicz, M.  and Grajkowska, W.  and Kaliciński, P. ",
   Title="{{H}ealth {S}tatus in {L}ong-{T}erm {S}urvivors of {H}epatoblastoma}",
   Journal="Cancers (Basel)",
   Year="2019",
   Volume="11",
   Number="11",
   Month="Nov"
}

% 31683629 
@Article{pmid31683629,
   Author="Angelico, R.  and Grimaldi, C.  and Gazia, C.  and Saffioti, M. C.  and Manzia, T. M.  and Castellano, A.  and Spada, M. ",
   Title="{{H}ow {D}o {S}ynchronous {L}ung {M}etastases {I}nfluence the {S}urgical {M}anagement of {C}hildren with {H}epatoblastoma? {A}n {U}pdate and {S}ystematic {R}eview of the {L}iterature}",
   Journal="Cancers (Basel)",
   Year="2019",
   Volume="11",
   Number="11",
   Month="Oct"
}

% 31645068 
@Article{pmid31645068,
   Author="Häberle, B.  and Maxwell, R.  and Schweinitz, D. V.  and Schmid, I. ",
   Title="{{H}igh {D}ose {C}hemotherapy with {A}utologous {S}tem {C}ell {T}ransplantation in {H}epatoblastoma does not {I}mprove {O}utcome. {R}esults of the {G}{P}{O}{H} {S}tudy {H}{B}99}",
   Journal="Klin Padiatr",
   Year="2019",
   Volume="231",
   Number="6",
   Pages="283--290",
   Month="Nov"
}

% 31584686 
@Article{pmid31584686,
   Author="Feng, J.  and He, Y.  and Wei, L.  and Chen, D.  and Yang, H.  and Tan, R.  and Chen, Z. ",
   Title="{{A}ssessment of {S}urvival of {P}ediatric {P}atients {W}ith {H}epatoblastoma {W}ho {R}eceived {C}hemotherapy {F}ollowing {L}iver {T}ransplant or {L}iver {R}esection}",
   Journal="JAMA Netw Open",
   Year="2019",
   Volume="2",
   Number="10",
   Pages="e1912676",
   Month="10"
}

% 31434361 
@Article{pmid31434361,
   Author="Yamada, Y.  and Ohno, M.  and Fujino, A.  and Kanamori, Y.  and Irie, R.  and Yoshioka, T.  and Miyazaki, O.  and Uchida, H.  and Fukuda, A.  and Sakamoto, S.  and Kasahara, M.  and Matsumoto, K.  and Fuchimoto, Y.  and Hoshino, K.  and Kuroda, T.  and Hishiki, T. ",
   Title="{{F}luorescence-{G}uided {S}urgery for {H}epatoblastoma with {I}ndocyanine {G}reen}",
   Journal="Cancers (Basel)",
   Year="2019",
   Volume="11",
   Number="8",
   Month="Aug"
}

% 31262438 
@Article{pmid31262438,
   Author="Herden, U.  and Grabhorn, E.  and Lenhartz, H.  and Kütemeier, R.  and Fischer, L. ",
   Title="{{E}xcellent {O}utcome {F}ollowing {L}iver {T}ransplantation for {H}epatoblastoma {U}sing an {E}xtensive {E}n {B}loc {H}epatectomy {T}echnique}",
   Journal="Transplant Proc",
   Year="2019",
   Volume="51",
   Number="6",
   Pages="1887--1891"
}

% 31225421 
@Article{pmid31225421,
   Author="Namgoong, J. M.  and Choi, J. U.  and Hwang, S.  and Oh, S. H.  and Park, G. C. ",
   Title="{{P}ediatric living donor liver transplantation with homograft replacement of retrohepatic inferior vena cava for advanced hepatoblastoma}",
   Journal="Ann Hepatobiliary Pancreat Surg",
   Year="2019",
   Volume="23",
   Number="2",
   Pages="178--182",
   Month="May"
}

% 31155201 
@Article{pmid31155201,
   Author="de Freitas Paganoti, G.  and Tannuri, A. C. A.  and Dantas Marques, A. C.  and Torres, R. R.  and Mendes Gibelli, N. E.  and Tannuri, U. ",
   Title="{{E}xtensive {H}epatectomy as an {A}lternative to {L}iver {T}ransplant in {A}dvanced {H}epatoblastoma: {A} {N}ew {P}rotocol {U}sed in a {P}ediatric {L}iver {T}ransplantation {C}enter}",
   Journal="Transplant Proc",
   Year="2019",
   Volume="51",
   Number="5",
   Pages="1605--1610",
   Month="Jun"
}

% 31130716 
@Article{pmid31130716,
   Author="Takahashi, N.  and Yamada, Y.  and Hoshino, K.  and Kawaida, M.  and Mori, T.  and Abe, K.  and Fujimura, T.  and Matsubara, K.  and Hibi, T.  and Shinoda, M.  and Obara, H.  and Isshiki, K.  and Shima, H.  and Shimada, H.  and Kameyama, K.  and Fuchimoto, Y.  and Kitagawa, Y.  and Kuroda, T. ",
   Title="{{L}iving {D}onor {L}iver {R}e-{T}ransplantation for {R}ecurrent {H}epatoblastoma in the {L}iver {G}raft following {C}omplete {E}radication of {P}eritoneal {M}etastases under {I}ndocyanine {G}reen {F}luorescence {I}maging}",
   Journal="Cancers (Basel)",
   Year="2019",
   Volume="11",
   Number="5",
   Month="May"
}

% 30946509 
@Article{pmid30946509,
   Author="Hort, A.  and Karpelowsky, J.  and Shun, A.  and Thomas, G. ",
   Title="{{U}se of a donor iliac vein graft for reconstruction of the inferior vena cava in liver transplantation for hepatoblastoma with caval extension}",
   Journal="Pediatr Transplant",
   Year="2019",
   Volume="23",
   Number="4",
   Pages="e13409",
   Month="06"
}

% 30819543 
@Article{pmid30819543,
   Author="Fahy, A. S.  and Shaikh, F.  and Gerstle, J. T. ",
   Title="{{M}ultifocal hepatoblastoma: {W}hat is the risk of recurrent disease in the remnant liver?}",
   Journal="J Pediatr Surg",
   Year="2019",
   Volume="54",
   Number="5",
   Pages="1035--1040",
   Month="May"
}

% 30762666 
@Article{pmid30762666,
   Author="Hafberg, E.  and Borinstein, S. C.  and Alexopoulos, S. P. ",
   Title="{{C}ontemporary management of hepatoblastoma}",
   Journal="Curr Opin Organ Transplant",
   Year="2019",
   Volume="24",
   Number="2",
   Pages="113--117",
   Month="04"
}

% 30577683 
@Article{pmid30577683,
   Author="Lim, I. I. P.  and Bondoc, A. J.  and Geller, J. I.  and Tiao, G. M. ",
   Title="{{H}epatoblastoma-{T}he {E}volution of {B}iology, {S}urgery, and {T}ransplantation}",
   Journal="Children (Basel)",
   Year="2018",
   Volume="6",
   Number="1",
   Month="Dec"
}

% 30528797 
@Article{pmid30528797,
   Author="Aronson, D. C.  and Weeda, V. B.  and Maibach, R.  and Czauderna, P.  and Dall'Igna, P.  and de Ville de Goyet, J.  and Branchereau, S.  and Perilongo, G.  and Brock, P.  and Zsiros, J.  and Semeraro, M.  and Chardot, C.  and Wildhaber, B.  and Morland, B.  and Brugières, L. ",
   Title="{{M}icroscopically positive resection margin after hepatoblastoma resection: what is the impact on prognosis? {A} {C}hildhood {L}iver {T}umours {S}trategy {G}roup ({S}{I}{O}{P}{E}{L}) report}",
   Journal="Eur J Cancer",
   Year="2019",
   Volume="106",
   Pages="126--132",
   Month="01"
}

% 30270490 
@Article{pmid30270490,
   Author="Liu, A. P. Y.  and Ip, J. J. K.  and Leung, A. W. K.  and Luk, C. W.  and Li, C. H.  and Ho, K. K. H.  and Lo, R.  and Chan, E. K. W.  and Chan, A. C. Y.  and Chung, P. H. Y.  and Chiang, A. K. S. ",
   Title="{{T}reatment outcome and pattern of failure in hepatoblastoma treated with a consensus protocol in {H}ong {K}ong}",
   Journal="Pediatr Blood Cancer",
   Year="2019",
   Volume="66",
   Number="1",
   Pages="e27482",
   Month="01"
}

% 30086577 
@Article{pmid30086577,
   Author="Triana Junco, P.  and Cano, E. M.  and Dore, M.  and Jimenez Gomez, J.  and Sánchez Galán, A.  and Vilanova-Sánchez, A.  and Andres, A.  and Encinas, J. L.  and Martinez, L.  and Hernandez, F.  and Lopez Santamaria, M. ",
   Title="{{P}rognostic {F}actors for {L}iver {T}ransplantation in {U}nresectable {H}epatoblastoma}",
   Journal="Eur J Pediatr Surg",
   Year="2019",
   Volume="29",
   Number="1",
   Pages="28--32",
   Month="Feb"
}

% 30084209 
@Article{pmid30084209,
   Author="Uchida, H.  and Sakamoto, S.  and Sasaki, K.  and Takeda, M.  and Hirata, Y.  and Fukuda, A.  and Hishiki, T.  and Irie, R.  and Nakazawa, A.  and Miyazaki, O.  and Nosaka, S.  and Kasahara, M. ",
   Title="{{S}urgical treatment strategy for advanced hepatoblastoma: {R}esection versus transplantation}",
   Journal="Pediatr Blood Cancer",
   Year="2018",
   Volume="65",
   Number="12",
   Pages="e27383",
   Month="12"
}

% 30003622 
@Article{pmid30003622,
   Author="Shi, S. J.  and Wang, D. L.  and Hu, W.  and Peng, F.  and Kang, Q. ",
   Title="{{E}x vivo liver resection and autotransplantation with cardiopulmonary bypass for hepatoblastoma in children: {A} case report}",
   Journal="Pediatr Transplant",
   Year="2018",
   Volume="22",
   Number="7",
   Pages="e13268",
   Month="11"
}

% 29906299 
@Article{pmid29906299,
   Author="El-Gendi, A.  and Fadel, S.  and El-Shafei, M.  and Shawky, A. ",
   Title="{{A}voiding liver transplantation in post-treatment extent of disease {I}{I}{I} and {I}{V} hepatoblastoma}",
   Journal="Pediatr Int",
   Year="2018",
   Volume="60",
   Number="9",
   Pages="862--868",
   Month="Sep"
}

% 29906233 
@Article{pmid29906233,
   Author="Yamada, Y.  and Hoshino, K.  and Mori, T.  and Kawaida, M.  and Abe, K.  and Takahashi, N.  and Fujimura, T.  and Kameyama, K.  and Kuroda, T. ",
   Title="{{M}etastasectomy of {H}epatoblastoma {U}tilizing a {N}ovel {O}verlay {F}luorescence {I}maging {S}ystem}",
   Journal="J Laparoendosc Adv Surg Tech A",
   Year="2018",
   Volume="28",
   Number="9",
   Pages="1152--1155",
   Month="Sep"
}

% 29888545 
@Article{pmid29888545,
   Author="Ramos-Gonzalez, G.  and LaQuaglia, M.  and O'Neill, A. F.  and Elisofon, S.  and Zurakowski, D.  and Kim, H. B.  and Vakili, K. ",
   Title="{{L}ong-term outcomes of liver transplantation for hepatoblastoma: {A} single-center 14-year experience}",
   Journal="Pediatr Transplant",
   Year="2018",
   Pages="e13250",
   Month="Jun"
}

% 29761829 
@Article{pmid29761829,
   Author="Isono, K.  and Ohya, Y.  and Lee, K. J.  and Hashimoto, S.  and Kadohisa, M.  and Sakisaka, M.  and Uto, K.  and Hayashida, S.  and Yamamoto, H.  and Yamamoto, H.  and Sugawara, Y.  and Inomata, Y. ",
   Title="{{P}retransplant trends in α-fetoprotein levels as a predictor of recurrence after living donor liver transplantation for unresectable hepatoblastoma: {A} single-institution experience}",
   Journal="Pediatr Transplant",
   Year="2018",
   Volume="22",
   Number="5",
   Pages="e13221",
   Month="08"
}

% 29375822 
@Article{pmid29375822,
   Author="Czauderna, P.  and Garnier, H. ",
   Title="{{H}epatoblastoma: current understanding, recent advances, and controversies}",
   Journal="F1000Res",
   Year="2018",
   Volume="7",
   Pages="53"
}

% 29341393 
@Article{pmid29341393,
   Author="Umeda, K.  and Okajima, H.  and Kawaguchi, K.  and Nodomi, S.  and Saida, S.  and Kato, I.  and Hiramatsu, H.  and Ogawa, E.  and Yoshizawa, A.  and Okamoto, S.  and Uemoto, S.  and Watanabe, K.  and Adachi, S. ",
   Title="{{P}rognostic and therapeutic factors influencing the clinical outcome of hepatoblastoma after liver transplantation: {A} single-institute experience}",
   Journal="Pediatr Transplant",
   Year="2018",
   Volume="22",
   Number="2",
   Month="03"
}

% 29286034 
@Article{pmid29286034,
   Author="Kim, E. F.  and Shatalov, K. V.  and Filin, A. V.  and Arnautova, I. V.  and Galyan, T. N.  and Tarba, N. S.  and Kachanov, D. Y.  and Varfolomeyeva, S. R. ",
   Title="{[{S}urgical treatment of hepatoblastoma {P}{R}{E}{T}{E}{X}{T}/{P}{O}{S}{T}-{T}{E}{X}{T} {I}{I}{I} and {I}{V}]}",
   Journal="Khirurgiia (Mosk)",
   Year="2017",
   Number="12",
   Pages="70--74"
}

% 28921939 
@Article{pmid28921939,
   Author="Fonseca, A.  and Gupta, A.  and Shaikh, F.  and Ramphal, R.  and Ng, V.  and McGilvray, I.  and Gerstle, J. T. ",
   Title="{{E}xtreme hepatic resections for the treatment of advanced hepatoblastoma: {A}re planned close margins an acceptable approach?}",
   Journal="Pediatr Blood Cancer",
   Year="2018",
   Volume="65",
   Number="2",
   Month="Feb"
}

% 28921839 
@Article{pmid28921839,
   Author="Dall'Igna, P.  and Brugieres, L.  and Christin, A. S.  and Maibach, R.  and Casanova, M.  and Alaggio, R.  and de Goyet, J. V.  and Zsiros, J.  and Morland, B.  and Czauderna, P.  and Childs, M.  and Aronson, D. C.  and Branchereau, S.  and Brock, P.  and Perilongo, G. ",
   Title="{{H}epatoblastoma in children aged less than six months at diagnosis: {A} report from the {S}{I}{O}{P}{E}{L} group}",
   Journal="Pediatr Blood Cancer",
   Year="2018",
   Volume="65",
   Number="1",
   Month="Jan"
}

% 28651228 
@Article{pmid28651228,
   Author="Angelico, R.  and Passariello, A.  and Pilato, M.  and Cozzolino, T.  and Piazza, M.  and Miraglia, R.  and D'Angelo, P.  and Capasso, M.  and Saffioti, M. C.  and Alberti, D.  and Spada, M. ",
   Title="{{A}nte situm liver resection with inferior vena cava replacement under hypothermic cardiopolmunary bypass for hepatoblastoma: {R}eport of a case and review of the literature}",
   Journal="Int J Surg Case Rep",
   Year="2017",
   Volume="37",
   Pages="90--96"
}

% 28620649 
@Article{pmid28620649,
   Author="Caicedo, L. A.  and Sabogal, A.  and Serrano, O.  and Villegas, J. I.  and Botero, V.  and Agudelo, M. T.  and Lotero, V.  and Dávalos, D.  and Manzi, E.  and Aristizabal, A. M.  and Gomez, C.  and Echeverri, G. J. ",
   Title="{{H}epatoblastoma: {T}ransplant {V}ersus {R}esection {E}xperience in a {L}atin {A}merican {T}ransplant {C}enter}",
   Journal="Transplant Direct",
   Year="2017",
   Volume="3",
   Number="6",
   Pages="e165",
   Month="Jun"
}

% 28347528 
@Article{pmid28347528,
   Author="Shi, Y.  and Commander, S. J.  and Masand, P. M.  and Heczey, A.  and Goss, J. A.  and Vasudevan, S. A. ",
   Title="{{V}ascular invasion is a prognostic indicator in hepatoblastoma}",
   Journal="J Pediatr Surg",
   Year="2017",
   Volume="52",
   Number="6",
   Pages="956--961",
   Month="Jun"
}

% 28211941 
@Article{pmid28211941,
   Author="Katzenstein, H. M.  and Furman, W. L.  and Malogolowkin, M. H.  and Krailo, M. D.  and McCarville, M. B.  and Towbin, A. J.  and Tiao, G. M.  and Finegold, M. J.  and Ranganathan, S.  and Dunn, S. P.  and Langham, M. R.  and McGahren, E. D.  and Rodriguez-Galindo, C.  and Meyers, R. L. ",
   Title="{{U}pfront window vincristine/irinotecan treatment of high-risk hepatoblastoma: {A} report from the {C}hildren's {O}ncology {G}roup {A}{H}{E}{P}0731 study committee}",
   Journal="Cancer",
   Year="2017",
   Volume="123",
   Number="12",
   Pages="2360--2367",
   Month="Jun"
}

% 28203111 
@Article{pmid28203111,
   Author="Trobaugh-Lotrario, A. D.  and Meyers, R. L.  and O'Neill, A. F.  and Feusner, J. H. ",
   Title="{{U}nresectable hepatoblastoma: current perspectives}",
   Journal="Hepat Med",
   Year="2017",
   Volume="9",
   Pages="1--6"
}

% 28138611 
@Article{pmid28138611,
   Author="Trobaugh-Lotrario, A. D.  and Meyers, R. L.  and Tiao, G. M.  and Feusner, J. H. ",
   Title="{{P}ediatric liver transplantation for hepatoblastoma}",
   Journal="Transl Gastroenterol Hepatol",
   Year="2016",
   Volume="1",
   Pages="44"
}

% 28126357 
@Article{pmid28126357,
   Author="Sharma, D.  and Subbarao, G.  and Saxena, R. ",
   Title="{{H}epatoblastoma}",
   Journal="Semin Diagn Pathol",
   Year="2017",
   Volume="34",
   Number="2",
   Pages="192--200",
   Month="Mar"
}

% 27910913 
@Article{pmid27910913,
   Author="Ranganathan, S.  and Ningappa, M.  and Ashokkumar, C.  and Higgs, B. W.  and Min, J.  and Sun, Q.  and Schmitt, L.  and Subramaniam, S.  and Hakonarson, H.  and Sindhi, R. ",
   Title="{{L}oss of {E}{G}{F}{R}-{A}{S}{A}{P}1 signaling in metastatic and unresectable hepatoblastoma}",
   Journal="Sci Rep",
   Year="2016",
   Volume="6",
   Pages="38347",
   Month="12"
}

% 27781375 
@Article{pmid27781375,
   Author="Shanmugam, N.  and Scott, J. X.  and Kumar, V.  and Vij, M.  and Ramachandran, P.  and Narasimhan, G.  and Reddy, M. S.  and Kota, V.  and Munirathnam, D.  and Kelgeri, C.  and Sundaram, K.  and Rela, M. ",
   Title="{{M}ultidisciplinary management of hepatoblastoma in children: {E}xperience from a developing country}",
   Journal="Pediatr Blood Cancer",
   Year="2017",
   Volume="64",
   Number="3",
   Month="03"
}

% 27730288 
@Article{pmid27730288,
   Author="Busweiler, L. A.  and Wijnen, M. H.  and Wilde, J. C.  and Sieders, E.  and Terwisscha van Scheltinga, S. E.  and van Heurn, L. W.  and Ziros, J.  and Bakx, R.  and Heij, H. A. ",
   Title="{{S}urgical treatment of childhood hepatoblastoma in the {N}etherlands (1990-2013)}",
   Journal="Pediatr Surg Int",
   Year="2017",
   Volume="33",
   Number="1",
   Pages="23--31",
   Month="Jan"
}

% 27501172 
@Article{pmid27501172,
   Author="Fuchs, J.  and Cavdar, S.  and Blumenstock, G.  and Ebinger, M.  and Schäfer, J. F.  and Sipos, B.  and Warmann, S. W. ",
   Title="{{P}{O}{S}{T}-{T}{E}{X}{T} {I}{I}{I} and {I}{V} {H}epatoblastoma: {E}xtended {H}epatic {R}esection {A}voids {L}iver {T}ransplantation in {S}elected {C}ases}",
   Journal="Ann Surg",
   Year="2017",
   Volume="266",
   Number="2",
   Pages="318--323",
   Month="08"
}

% 26945966 
@Article{pmid26945966,
   Author="Yuan, X. J.  and Wang, H. M.  and Jiang, H.  and Tang, M. J.  and Li, Z. L.  and Zou, X.  and Fang, Y. J.  and Pan, C.  and Tou, J. F.  and Zhang, K. R.  and Liu, X.  and Li, W. S.  and Li, Y.  and Lu, J.  and Wu, Y. M. ",
   Title="{{M}ultidisciplinary effort in treating children with hepatoblastoma in {C}hina}",
   Journal="Cancer Lett",
   Year="2016",
   Volume="375",
   Number="1",
   Pages="39--46",
   Month="May"
}

% 26106955 
@Article{pmid26106955,
   Author="Tannuri, A. C.  and Cristofani, L. M.  and Teixeira, R. A.  and Odone Filho, V.  and Tannuri, U. ",
   Title="{{N}ew concepts and outcomes for children with hepatoblastoma based on the experience of a tertiary center over the last 21 years}",
   Journal="Clinics (Sao Paulo)",
   Year="2015",
   Volume="70",
   Number="6",
   Pages="387--392",
   Month="Jun"
}

% 25945430 
@Article{pmid25945430,
   Author="Boscarelli, A.  and Levi Sandri, G. B.  and Calisti, A.  and Briganti, V.  and Grillo, R. L.  and Lepiane, P.  and Caporilli, D.  and Ettorre, G. M. ",
   Title="{{H}epatoblastoma in a 14 month-old female}",
   Journal="Clin Ter",
   Year="2015",
   Volume="166",
   Number="2",
   Pages="59--61"
}

% 25783395 
@Article{pmid25783395,
   Author="Yamamichi, T.  and Oue, T.  and Yonekura, T.  and Owari, M.  and Nakahata, K.  and Umeda, S.  and Nara, K.  and Ueno, T.  and Uehara, S.  and Usui, N. ",
   Title="{{C}linical application of indocyanine green ({I}{C}{G}) fluorescent imaging of hepatoblastoma}",
   Journal="J Pediatr Surg",
   Year="2015",
   Volume="50",
   Number="5",
   Pages="833--836",
   Month="May"
}

% 25649007 
@Article{pmid25649007,
   Author="Zhou, S.  and Gomulia, E.  and Mascarenhas, L.  and Wang, L. ",
   Title="{{I}s {I}{N}{I}1-retained small cell undifferentiated histology in hepatoblastoma unfavorable?}",
   Journal="Hum Pathol",
   Year="2015",
   Volume="46",
   Number="4",
   Pages="620--624",
   Month="Apr"
}

% 25540737 
@Article{pmid25540737,
   Author="Khaderi, S.  and Guiteau, J.  and Cotton, R. T.  and O'Mahony, C.  and Rana, A.  and Goss, J. A. ",
   Title="{{R}ole of liver transplantation in the management of hepatoblastoma in the pediatric population}",
   Journal="World J Transplant",
   Year="2014",
   Volume="4",
   Number="4",
   Pages="294--298",
   Month="Dec"
}

% 25500089 
@Article{pmid25500089,
   Author="Chen, B.  and Chen, J.  and Luo, Q.  and Guo, C. ",
   Title="{{E}ffective strategy of the combination of high-intensity focused ultrasound and transarterial chemoembolization for improving outcome of unresectable and metastatic hepatoblastoma: a retrospective cohort study}",
   Journal="Transl Oncol",
   Year="2014",
   Volume="7",
   Number="6",
   Pages="788--794",
   Month="Dec"
}

% 25349947 
@Article{pmid25349947,
   Author="Venkatramani, R.  and Stein, J. E.  and Sapra, A.  and Genyk, Y.  and Jhaveri, V.  and Malogolowkin, M.  and Mascarenhas, L. ",
   Title="{{E}ffect of neoadjuvant chemotherapy on resectability of stage {I}{I}{I} and {I}{V} hepatoblastoma}",
   Journal="Br J Surg",
   Year="2015",
   Volume="102",
   Number="1",
   Pages="108--113",
   Month="Jan"
}

% 25336801 
@Article{pmid25336801,
   Author="Aronson, D. C.  and Czauderna, P.  and Maibach, R.  and Perilongo, G.  and Morland, B. ",
   Title="{{T}he treatment of hepatoblastoma: {I}ts evolution and the current status as per the {S}{I}{O}{P}{E}{L} trials}",
   Journal="J Indian Assoc Pediatr Surg",
   Year="2014",
   Volume="19",
   Number="4",
   Pages="201--207",
   Month="Oct"
}

% 26835349 
@Article{pmid26835349,
   Author="Hiyama, E. ",
   Title="{{P}ediatric hepatoblastoma: diagnosis and treatment}",
   Journal="Transl Pediatr",
   Year="2014",
   Volume="3",
   Number="4",
   Pages="293--299",
   Month="Oct"
}

% 24852330 
@Article{pmid24852330,
   Author="Zhang, Y. T.  and Feng, L. H.  and Zhong, X. D.  and Wang, L. Z.  and Chang, J. ",
   Title="{{V}incristine and irinotecan in children with relapsed hepatoblastoma: a single-institution experience}",
   Journal="Pediatr Hematol Oncol",
   Year="2015",
   Volume="32",
   Number="1",
   Pages="18--25",
   Month="Feb"
}

% 24759227 
@Article{pmid24759227,
   Author="Kremer, N.  and Walther, A. E.  and Tiao, G. M. ",
   Title="{{M}anagement of hepatoblastoma: an update}",
   Journal="Curr Opin Pediatr",
   Year="2014",
   Volume="26",
   Number="3",
   Pages="362--369",
   Month="Jun"
}

% 24757164 
@Article{pmid24757164,
   Author="Saettini, F.  and Conter, V.  and Provenzi, M.  and Rota, M.  and Giraldi, E.  and Foglia, C.  and Cavalleri, L.  and D'Antiga, L. ",
   Title="{{I}s multifocality a prognostic factor in childhood hepatoblastoma?}",
   Journal="Pediatr Blood Cancer",
   Year="2014",
   Volume="61",
   Number="9",
   Pages="1593--1597",
   Month="Sep"
}

% 24734315 
@Article{pmid24734315,
   Author="Sakamoto, S.  and Kasahara, M.  and Mizuta, K.  and Kuroda, T.  and Yagi, T.  and Taguchi, T.  and Inomata, Y.  and Umeshita, K.  and Uemoto, S. ",
   Title="{{N}ationwide survey of the outcomes of living donor liver transplantation for hepatoblastoma in {J}apan}",
   Journal="Liver Transpl",
   Year="2014",
   Volume="20",
   Number="3",
   Pages="333--346",
   Month="Mar"
}

% 24362406 
@Article{pmid24362406,
   Author="Meyers, R. L.  and Tiao, G.  and de Ville de Goyet, J.  and Superina, R.  and Aronson, D. C. ",
   Title="{{H}epatoblastoma state of the art: pre-treatment extent of disease, surgical resection guidelines and the role of liver transplantation}",
   Journal="Curr Opin Pediatr",
   Year="2014",
   Volume="26",
   Number="1",
   Pages="29--36",
   Month="Feb"
}

% 24132546 
@Article{pmid24132546,
   Author="Hishiki, T. ",
   Title="{{C}urrent therapeutic strategies for childhood hepatic tumors: surgical and interventional treatments for hepatoblastoma}",
   Journal="Int J Clin Oncol",
   Year="2013",
   Volume="18",
   Number="6",
   Pages="962--968",
   Month="Dec"
}

% 23831416 
@Article{pmid23831416,
   Author="Zsiros, J.  and Brugieres, L.  and Brock, P.  and Roebuck, D.  and Maibach, R.  and Zimmermann, A.  and Childs, M.  and Pariente, D.  and Laithier, V.  and Otte, J. B.  and Branchereau, S.  and Aronson, D.  and Rangaswami, A.  and Ronghe, M.  and Casanova, M.  and Sullivan, M.  and Morland, B.  and Czauderna, P.  and Perilongo, G.  and Nicholson, J.  and Morland, B.  and Gandemer, V.  and Soler, C.  and Berger, C.  and Vannier, J. P.  and Schell, M.  and Traunecker, H.  and Sullivan, M.  and Perilongo, G.  and Zsiros, J.  and Van Noesel, M.  and Brock, P.  and Paris, C.  and Chastagner, P.  and Llinares Riestra, M. E.  and Camargo, B.  and Aerts, I.  and Brugieres, L.  and Bazzeh, F.  and Chang, M. H.  and Rangaswami, A.  and Castellano, A.  and O'Meara, A.  and Czauderna, P.  and McCarthy, A.  and Lockwood, L.  and Irving, H.  and Ronghe, M.  and Brennan, B.  and Hale, J.  and Kohler, J.  and Ozsahin, H.  and Laureys, G.  and Chong, L. A.  and Kirby, M.  and Rialland, X. ",
   Title="{{D}ose-dense cisplatin-based chemotherapy and surgery for children with high-risk hepatoblastoma ({S}{I}{O}{P}{E}{L}-4): a prospective, single-arm, feasibility study}",
   Journal="Lancet Oncol",
   Year="2013",
   Volume="14",
   Number="9",
   Pages="834--842",
   Month="Aug"
}

% 23331862 
@Article{pmid23331862,
   Author="Cruz, R. J.  and Ranganathan, S.  and Mazariegos, G.  and Soltys, K.  and Nayyar, N.  and Sun, Q.  and Bond, G.  and Shaw, P. H.  and Haberman, K.  and Krishnamurti, L.  and Marsh, J. W.  and Humar, A.  and Sindhi, R. ",
   Title="{{A}nalysis of national and single-center incidence and survival after liver transplantation for hepatoblastoma: new trends and future opportunities}",
   Journal="Surgery",
   Year="2013",
   Volume="153",
   Number="2",
   Pages="150--159",
   Month="Feb"
}

% 23217875 
@Article{pmid23217875,
   Author="Tajiri, T.  and Kimura, O.  and Fumino, S.  and Furukawa, T.  and Iehara, T.  and Souzaki, R.  and Kinoshita, Y.  and Koga, Y.  and Suminoe, A.  and Hara, T.  and Kohashi, K.  and Oda, Y.  and Hishiki, T.  and Hosoi, H.  and Hiyama, E.  and Taguchi, T. ",
   Title="{{S}urgical strategies for unresectable hepatoblastomas}",
   Journal="J Pediatr Surg",
   Year="2012",
   Volume="47",
   Number="12",
   Pages="2194--2198",
   Month="Dec"
}

% 22835780 
@Article{pmid22835780,
   Author="Zsíros, J.  and Brugières, L.  and Brock, P.  and Roebuck, D.  and Maibach, R.  and Child, M.  and Morland, B.  and Casanova, M.  and Pariente, D.  and Paris, C.  and de Camargo, B.  and Ronghe, M.  and Zimmermann, A.  and Plaschkes, J.  and Czauderna, P.  and Perilongo, G. ",
   Title="{{E}fficacy of irinotecan single drug treatment in children with refractory or recurrent hepatoblastoma--a phase {I}{I} trial of the childhood liver tumour strategy group ({S}{I}{O}{P}{E}{L})}",
   Journal="Eur J Cancer",
   Year="2012",
   Volume="48",
   Number="18",
   Pages="3456--3464",
   Month="Dec"
}

% 22813792 
@Article{pmid22813792,
   Author="Ismail, H.  and Broniszczak, D.  and Kaliciński, P.  and Dembowska-Bagińska, B.  and Perek, D.  and Teisseyre, J.  and Kluge, P.  and Kościesza, A.  and Lembas, A.  and Markiewicz, M. ",
   Title="{{C}hanging treatment and outcome of children with hepatoblastoma: analysis of a single center experience over the last 20 years}",
   Journal="J Pediatr Surg",
   Year="2012",
   Volume="47",
   Number="7",
   Pages="1331--1339",
   Month="Jul"
}

% 22760520 
@Article{pmid22760520,
   Author="Meyers, R. L.  and Tiao, G. M.  and Dunn, S. P.  and McGahren, E. D.  and Langham, M. R. ",
   Title="{{S}urgical management of children with locally advanced hepatoblastoma}",
   Journal="Cancer",
   Year="2012",
   Volume="118",
   Number="16",
   Pages="4090--4091",
   Month="Aug"
}

% 22760493 
@Article{pmid22760493,
   Author="Czauderna, P.  and Otte, J. B.  and Roebuck, D. J. ",
   Title="{{C}omments on surgical treatment of locally advanced hepatoblastoma}",
   Journal="Cancer",
   Year="2012",
   Volume="118",
   Number="16",
   Pages="4092--4093",
   Month="Aug"
}

% 22702740 
@Article{pmid22702740,
   Author="Venkatramani, R.  and Furman, W. L.  and Fuchs, J.  and Warmann, S. W.  and Malogolowkin, M. H. ",
   Title="{{C}urrent and future management strategies for relapsed or progressive hepatoblastoma}",
   Journal="Paediatr Drugs",
   Year="2012",
   Volume="14",
   Number="4",
   Pages="221--232",
   Month="Aug"
}

% 22648979 
@Article{pmid22648979,
   Author="Trobaugh-Lotrario, A. D.  and Katzenstein, H. M. ",
   Title="{{C}hemotherapeutic approaches for newly diagnosed hepatoblastoma: past, present, and future strategies}",
   Journal="Pediatr Blood Cancer",
   Year="2012",
   Volume="59",
   Number="5",
   Pages="809--812",
   Month="Nov"
}

% 22648963 
@Article{pmid22648963,
   Author="Trobaugh-Lotrario, A. D.  and Feusner, J. H. ",
   Title="{{R}elapsed hepatoblastoma}",
   Journal="Pediatr Blood Cancer",
   Year="2012",
   Volume="59",
   Number="5",
   Pages="813--817",
   Month="Nov"
}

% 22201955 
@Article{pmid22201955,
   Author="Meyers, R. L.  and Tiao, G. M.  and Dunn, S. P.  and Langham, M. R. ",
   Title="{{L}iver transplantation in the management of unresectable hepatoblastoma in children}",
   Journal="Front Biosci (Elite Ed)",
   Year="2012",
   Volume="4",
   Pages="1293--1302",
   Month="Jan"
}

% 21830412 
@Article{pmid21830412,
   Author="Kim, T.  and Kim, D. Y.  and Cho, M. J.  and Kim, S. C.  and Seo, J. J.  and Kim, I. K. ",
   Title="{{S}urgery for hepatoblastoma: from laparoscopic resection to liver transplantation}",
   Journal="Hepatogastroenterology",
   Year="2011",
   Volume="58",
   Number="107-108",
   Pages="896--899"
}

% 21621153 
@Article{pmid21621153,
   Author="Tsay, P. K.  and Lai, J. Y.  and Yang, C. P.  and Hung, I. J.  and Hsueh, C.  and Tsai, M. H.  and Jaing, T. H. ",
   Title="{{T}reatment outcomes for hepatoblastoma: experience of 35 cases at a single institution}",
   Journal="J Formos Med Assoc",
   Year="2011",
   Volume="110",
   Number="5",
   Pages="322--325",
   Month="May"
}

% 21509775 
@Article{pmid21509775,
   Author="Lautz, T. B.  and Ben-Ami, T.  and Tantemsapya, N.  and Gosiengfiao, Y.  and Superina, R. A. ",
   Title="{{S}uccessful nontransplant resection of {P}{O}{S}{T}-{T}{E}{X}{T} {I}{I}{I} and {I}{V} hepatoblastoma}",
   Journal="Cancer",
   Year="2011",
   Volume="117",
   Number="9",
   Pages="1976--1983",
   Month="May"
}

% 21370433 
@Article{pmid21370433,
   Author="Koh, K. N.  and Park, M.  and Kim, B. E.  and Bae, K. W.  and Kim, K. M.  and Im, H. J.  and Seo, J. J. ",
   Title="{{P}rognostic implications of serum alpha-fetoprotein response during treatment of hepatoblastoma}",
   Journal="Pediatr Blood Cancer",
   Year="2011",
   Volume="57",
   Number="4",
   Pages="554--560",
   Month="Oct"
}

% 20938901 
@Article{pmid20938901,
   Author="Barrena, S.  and Hernandez, F.  and Miguel, M.  and de la Torre, C. A.  and Moreno, A. M.  and Encinas, J. L.  and Leal, N.  and Murcia, J.  and Martinez, L.  and Gamez, M.  and Garcia-Miguel, P.  and Lopez-Santamaria, M.  and Tovar, J. A. ",
   Title="{{H}igh-risk hepatoblastoma: results in a pediatric liver transplantation center}",
   Journal="Eur J Pediatr Surg",
   Year="2011",
   Volume="21",
   Number="1",
   Pages="18--20",
   Month="Jan"
}

% 20922397 
@Article{pmid20922397,
   Author="Hishiki, T.  and Matsunaga, T.  and Sasaki, F.  and Yano, M.  and Ida, K.  and Horie, H.  and Kondo, S.  and Watanabe, K.  and Oue, T.  and Tajiri, T.  and Kamimatsuse, A.  and Ohnuma, N.  and Hiyama, E. ",
   Title="{{O}utcome of hepatoblastomas treated using the {J}apanese {S}tudy {G}roup for {P}ediatric {L}iver {T}umor ({J}{P}{L}{T}) protocol-2: report from the {J}{P}{L}{T}}",
   Journal="Pediatr Surg Int",
   Year="2011",
   Volume="27",
   Number="1",
   Pages="1--8",
   Month="Jan"
}

% 20438949 
@Article{pmid20438949,
   Author="Baertschiger, R. M.  and Ozsahin, H.  and Rougemont, A. L.  and Anooshiravani, M.  and Rubbia-Brandt, L.  and Le Coultre, C.  and Majno, P.  and Wildhaber, B. E.  and Mentha, G.  and Chardot, C. ",
   Title="{{C}ure of multifocal panhepatic hepatoblastoma: is liver transplantation always necessary?}",
   Journal="J Pediatr Surg",
   Year="2010",
   Volume="45",
   Number="5",
   Pages="1030--1036",
   Month="May"
}

% 20406943 
@Article{pmid20406943,
   Author="Zsíros, J.  and Maibach, R.  and Shafford, E.  and Brugieres, L.  and Brock, P.  and Czauderna, P.  and Roebuck, D.  and Childs, M.  and Zimmermann, A.  and Laithier, V.  and Otte, J. B.  and de Camargo, B.  and MacKinlay, G.  and Scopinaro, M.  and Aronson, D.  and Plaschkes, J.  and Perilongo, G. ",
   Title="{{S}uccessful treatment of childhood high-risk hepatoblastoma with dose-intensive multiagent chemotherapy and surgery: final results of the {S}{I}{O}{P}{E}{L}-3{H}{R} study}",
   Journal="J Clin Oncol",
   Year="2010",
   Volume="28",
   Number="15",
   Pages="2584--2590",
   Month="May"
}

% 20345611 
@Article{pmid20345611,
   Author="Kosola, S.  and Lauronen, J.  and Sairanen, H.  and Heikinheimo, M.  and Jalanko, H.  and Pakarinen, M. ",
   Title="{{H}igh survival rates after liver transplantation for hepatoblastoma and hepatocellular carcinoma}",
   Journal="Pediatr Transplant",
   Year="2010",
   Volume="14",
   Number="5",
   Pages="646--650",
   Month="Aug"
}

% 20223320 
@Article{pmid20223320,
   Author="Guérin, F.  and Gauthier, F.  and Martelli, H.  and Fabre, M.  and Baujard, C.  and Franchi, S.  and Branchereau, S. ",
   Title="{{O}utcome of central hepatectomy for hepatoblastomas}",
   Journal="J Pediatr Surg",
   Year="2010",
   Volume="45",
   Number="3",
   Pages="555--563",
   Month="Mar"
}

% 20070564 
@Article{pmid20070564,
   Author="Miyamura, T.  and Yoshida, R.  and Yagi, T.  and Matsukawa, H.  and Chayama, K.  and Ishida, T.  and Washio, K.  and Morishita, N.  and Oda, M.  and Morishima, T. ",
   Title="{{S}uccessful treatment of unresectable advanced hepatoblastoma: living liver transplantation after surgical removal of lung metastasis}",
   Journal="Pediatr Transplant",
   Year="2011",
   Volume="15",
   Number="5",
   Pages="87--91",
   Month="Aug"
}

% 19040959 
@Article{pmid19040959,
   Author="Gutweiler, J. R.  and Yu, D. C.  and Kim, H. B.  and Kozakewich, H. P.  and Marcus, K. J.  and Shamberger, R. C.  and Weldon, C. B. ",
   Title="{{H}epatoblastoma presenting with focal nodular hyperplasia after treatment of neuroblastoma}",
   Journal="J Pediatr Surg",
   Year="2008",
   Volume="43",
   Number="12",
   Pages="2297--2300",
   Month="Dec"
}

% 18975296 
@Article{pmid18975296,
   Author="Faraj, W.  and Dar, F.  and Marangoni, G.  and Bartlett, A.  and Melendez, H. V.  and Hadzic, D.  and Dhawan, A.  and Mieli-Vergani, G.  and Rela, M.  and Heaton, N. ",
   Title="{{L}iver transplantation for hepatoblastoma}",
   Journal="Liver Transpl",
   Year="2008",
   Volume="14",
   Number="11",
   Pages="1614--1619",
   Month="Nov"
}

% 18970927 
@Article{pmid18970927,
   Author="Browne, M.  and Sher, D.  and Grant, D.  and Deluca, E.  and Alonso, E.  and Whitington, P. F.  and Superina, R. A. ",
   Title="{{S}urvival after liver transplantation for hepatoblastoma: a 2-center experience}",
   Journal="J Pediatr Surg",
   Year="2008",
   Volume="43",
   Number="11",
   Pages="1973--1981",
   Month="Nov"
}

% 18560935 
@Article{pmid18560935,
   Author="Li, J. P.  and Chu, J. P.  and Yang, J. Y.  and Chen, W.  and Wang, Y.  and Huang, Y. H. ",
   Title="{{P}reoperative transcatheter selective arterial chemoembolization in treatment of unresectable hepatoblastoma in infants and children}",
   Journal="Cardiovasc Intervent Radiol",
   Year="2008",
   Volume="31",
   Number="6",
   Pages="1117--1123"
}

% 18444949 
@Article{pmid18444949,
   Author="Niwa, A.  and Umeda, K.  and Awaya, T.  and Yui, Y.  and Matsubara, H.  and Hiramatsu, H.  and Watanabe, K.  and Adachi, S.  and Itoh, T.  and Uemoto, S.  and Nakahata, T. ",
   Title="{{S}uccessful autologous peripheral blood stem cell transplantation with a double-conditioning regimen for recurrent hepatoblastoma after liver transplantation}",
   Journal="Pediatr Transplant",
   Year="2009",
   Volume="13",
   Number="2",
   Pages="259--262",
   Month="Mar"
}

% 17661341 
@Article{pmid17661341,
   Author="D'Antiga, L.  and Vallortigara, F.  and Cillo, U.  and Talenti, E.  and Rugge, M.  and Zancan, L.  and Dall'Igna, P.  and De Salvo, G. L.  and Perilongo, G. ",
   Title="{{F}eatures predicting unresectability in hepatoblastoma}",
   Journal="Cancer",
   Year="2007",
   Volume="110",
   Number="5",
   Pages="1050--1058",
   Month="Sep"
}

% 17430157 
@Article{pmid17430157,
   Author="Warmann, S. W.  and Fuchs, J. ",
   Title="{{D}rug resistance in hepatoblastoma}",
   Journal="Curr Pharm Biotechnol",
   Year="2007",
   Volume="8",
   Number="2",
   Pages="93--97",
   Month="Apr"
}

% 17208562 
@Article{pmid17208562,
   Author="Casas-Melley, A. T.  and Malatack, J.  and Consolini, D.  and Mann, K.  and Raab, C.  and Flynn, L.  and Woolfrey, P.  and Menendez, J.  and Dunn, S. P. ",
   Title="{{S}uccessful liver transplant for unresectable hepatoblastoma}",
   Journal="J Pediatr Surg",
   Year="2007",
   Volume="42",
   Number="1",
   Pages="184--187",
   Month="Jan"
}

% 16794509 
@Article{pmid16794509,
   Author="Sarper, N.  and Corapçioğlu, F.  and Anik, Y.  and Ural, D.  and Yildiz, K.  and Tugay, M. ",
   Title="{{U}nresectable multifocal hepatoblastoma with cardiac extension: excellent response with {H}{B}-94 chemotherapy protocol}",
   Journal="J Pediatr Hematol Oncol",
   Year="2006",
   Volume="28",
   Number="6",
   Pages="386--390",
   Month="Jun"
}

% 16712615 
@Article{pmid16712615,
   Author="Hasegawa, T.  and Kimura, T.  and Ihara, Y.  and Tazuke, Y.  and Yoneda, A.  and Kusafuka, T.  and Fukuzawa, M.  and Okuyama, H.  and Inoue, M. ",
   Title="{{L}iving-related liver transplantation with removal of inferior vena cava for unresectable hepatoblastoma}",
   Journal="Pediatr Transplant",
   Year="2006",
   Volume="10",
   Number="4",
   Pages="521--524",
   Month="Jun"
}

% 16651244 
@Article{pmid16651244,
   Author="Rana, A. N.  and Qidwai, A.  and Pritchard, J.  and Ashraf, M. S. ",
   Title="{{S}uccessful treatment of multifocal unresectable hepatoblastoma with chemotherapy only}",
   Journal="Pediatr Hematol Oncol",
   Year="2006",
   Volume="23",
   Number="2",
   Pages="153--158",
   Month="Mar"
}

% 16404555 
@Article{pmid16404555,
   Author="Czauderna, P.  and Otte, J. B.  and Roebuck, D. J.  and von Schweinitz, D.  and Plaschkes, J. ",
   Title="{{S}urgical treatment of hepatoblastoma in children}",
   Journal="Pediatr Radiol",
   Year="2006",
   Volume="36",
   Number="3",
   Pages="187--191",
   Month="Mar"
}

% 16185597 
@Article{pmid16185597,
   Author="García-Miguel, P.  and López Santamaría, M. ",
   Title="{[{C}urrent status of diagnosis and treatment of hepatoblastoma]}",
   Journal="Clin Transl Oncol",
   Year="2005",
   Volume="7",
   Number="7",
   Pages="328--334",
   Month="Aug"
}

% 16176410 
@Article{pmid16176410,
   Author="Otte, J. B.  and de Ville de Goyet, J.  and Reding, R. ",
   Title="{{L}iver transplantation for hepatoblastoma: indications and contraindications in the modern era}",
   Journal="Pediatr Transplant",
   Year="2005",
   Volume="9",
   Number="5",
   Pages="557--565",
   Month="Oct"
}

% 16123986 
@Article{pmid16123986,
   Author="Czauderna, P.  and Zbrzezniak, G.  and Narozanski, W.  and Korzon, M.  and Wyszomirska, M.  and Stoba, C. ",
   Title="{{P}reliminary experience with arterial chemoembolization for hepatoblastoma and hepatocellular carcinoma in children}",
   Journal="Pediatr Blood Cancer",
   Year="2006",
   Volume="46",
   Number="7",
   Pages="825--828",
   Month="Jun"
}

% 16095502 
@Article{pmid16095502,
   Author="Kasahara, M.  and Ueda, M.  and Haga, H.  and Hiramatsu, H.  and Kobayashi, M.  and Adachi, S.  and Sakamoto, S.  and Oike, F.  and Egawa, H.  and Takada, Y.  and Tanaka, K. ",
   Title="{{L}iving-donor liver transplantation for hepatoblastoma}",
   Journal="Am J Transplant",
   Year="2005",
   Volume="5",
   Number="9",
   Pages="2229--2235",
   Month="Sep"
}

% 16045186 
@Article{pmid16045186,
   Author="Sasaki, F. ",
   Title="{[{S}trategy for the treatment of hepatoblastoma in children]}",
   Journal="Nihon Geka Gakkai Zasshi",
   Year="2005",
   Volume="106",
   Number="7",
   Pages="427--430",
   Month="Jul"
}

% 15862752 
@Article{pmid15862752,
   Author="Czauderna, P.  and Otte, J. B.  and Aronson, D. C.  and Gauthier, F.  and Mackinlay, G.  and Roebuck, D.  and Plaschkes, J.  and Perilongo, G. ",
   Title="{{G}uidelines for surgical treatment of hepatoblastoma in the modern era--recommendations from the {C}hildhood {L}iver {T}umour {S}trategy {G}roup of the {I}nternational {S}ociety of {P}aediatric {O}ncology ({S}{I}{O}{P}{E}{L})}",
   Journal="Eur J Cancer",
   Year="2005",
   Volume="41",
   Number="7",
   Pages="1031--1036",
   Month="May"
}

% 15689909 
@Article{pmid15689909,
   Author="Tiao, G. M.  and Bobey, N.  and Allen, S.  and Nieves, N.  and Alonso, M.  and Bucuvalas, J.  and Wells, R.  and Ryckman, F. ",
   Title="{{T}he current management of hepatoblastoma: a combination of chemotherapy, conventional resection, and liver transplantation}",
   Journal="J Pediatr",
   Year="2005",
   Volume="146",
   Number="2",
   Pages="204--211",
   Month="Feb"
}

% 15285242 
@Article{pmid15285242,
   Author="Urata, H.  and Hori, H.  and Uchida, K.  and Inoue, M.  and Komada, Y.  and Kusunoki, M. ",
   Title="{{S}trategy for the treatment of unresectable hepatoblastoma: neoadjuvant chemotherapy followed by delayed primary operation or liver transplantation}",
   Journal="Int Surg",
   Year="2004",
   Volume="89",
   Number="2",
   Pages="95--99"
}

% 15137006 
@Article{pmid15137006,
   Author="Dicken, B. J.  and Bigam, D. L.  and Lees, G. M. ",
   Title="{{A}ssociation between surgical margins and long-term outcome in advanced hepatoblastoma}",
   Journal="J Pediatr Surg",
   Year="2004",
   Volume="39",
   Number="5",
   Pages="721--725",
   Month="May"
}

% 14966740 
@Article{pmid14966740,
   Author="Towu, E.  and Kiely, E.  and Pierro, A.  and Spitz, L. ",
   Title="{{O}utcome and complications after resection of hepatoblastoma}",
   Journal="J Pediatr Surg",
   Year="2004",
   Volume="39",
   Number="2",
   Pages="199--202",
   Month="Feb"
}

% 14966739 
@Article{pmid14966739,
   Author="Suita, S.  and Tajiri, T.  and Takamatsu, H.  and Mizote, H.  and Nagasaki, A.  and Inomata, Y.  and Hara, T.  and Okamura, J.  and Miyazaki, S.  and Kawakami, K.  and Eguchi, H.  and Tsuneyoshi, M. ",
   Title="{{I}mproved survival outcome for hepatoblastoma based on an optimal chemotherapeutic regimen--a report from the study group for pediatric solid malignant tumors in the {K}yushu area}",
   Journal="J Pediatr Surg",
   Year="2004",
   Volume="39",
   Number="2",
   Pages="195--198",
   Month="Feb"
}

% 14752798 
@Article{pmid14752798,
   Author="Otte, J. B.  and Pritchard, J.  and Aronson, D. C.  and Brown, J.  and Czauderna, P.  and Maibach, R.  and Perilongo, G.  and Shafford, E.  and Plaschkes, J. ",
   Title="{{L}iver transplantation for hepatoblastoma: results from the {I}nternational {S}ociety of {P}ediatric {O}ncology ({S}{I}{O}{P}) study {S}{I}{O}{P}{E}{L}-1 and review of the world experience}",
   Journal="Pediatr Blood Cancer",
   Year="2004",
   Volume="42",
   Number="1",
   Pages="74--83",
   Month="Jan"
}

% 14746860 
@Article{pmid14746860,
   Author="Perilongo, G.  and Shafford, E.  and Maibach, R.  and Aronson, D.  and Brugières, L.  and Brock, P.  and Childs, M.  and Czauderna, P.  and MacKinlay, G.  and Otte, J. B.  and Pritchard, J.  and Rondelli, R.  and Scopinaro, M.  and Staalman, C.  and Plaschkes, J. ",
   Title="{{R}isk-adapted treatment for childhood hepatoblastoma. final report of the second study of the {I}nternational {S}ociety of {P}aediatric {O}ncology--{S}{I}{O}{P}{E}{L} 2}",
   Journal="Eur J Cancer",
   Year="2004",
   Volume="40",
   Number="3",
   Pages="411--421",
   Month="Feb"
}

% 14697956 
@Article{pmid14697956,
   Author="Cillo, U.  and Ciarleglio, F. A.  and Bassanello, M.  and Brolese, A.  and Vitale, A.  and Boccagni, P.  and Zanus, G.  and Zancan, L.  and D'Antiga, L.  and Dall'igna, P.  and Montin, U.  and Gringeri, E.  and Carraro, A.  and Cappuzzo, G.  and Violi, P.  and Baldessin, M.  and Bridda, A.  and D'Amico, D. F.  and Perilongo, G. ",
   Title="{{L}iver transplantation for the management of hepatoblastoma}",
   Journal="Transplant Proc",
   Year="2003",
   Volume="35",
   Number="8",
   Pages="2983--2985",
   Month="Dec"
}

% 12778356 
@Article{pmid12778356,
   Author="Häberle, B.  and Bode, U.  and von Schweinitz, D. ",
   Title="{[{D}ifferentiated treatment protocols for high- and standard-risk hepatoblastoma--an interim report of the {G}erman {L}iver {T}umor {S}tudy {H}{B}99]}",
   Journal="Klin Padiatr",
   Year="2003",
   Volume="215",
   Number="3",
   Pages="159--165"
}

% 12461796 
@Article{pmid12461796,
   Author="Dall'Igna, P.  and Cecchetto, G.  and Toffolutti, T.  and Cillo, U.  and Cecchetto, A.  and Guglielmi, M.  and Perilongo, G.  and Plaschkes, J. ",
   Title="{{M}ultifocal hepatoblastoma: is there a place for partial hepatectomy?}",
   Journal="Med Pediatr Oncol",
   Year="2003",
   Volume="40",
   Number="2",
   Pages="113--116",
   Month="Feb"
}

% 12352881 
@Article{pmid12352881,
   Author="Srinivasan, P.  and McCall, J.  and Pritchard, J.  and Dhawan, A.  and Baker, A.  and Vergani, G. M.  and Muiesan, P.  and Rela, M.  and David Heaton, N. ",
   Title="{{O}rthotopic liver transplantation for unresectable hepatoblastoma}",
   Journal="Transplantation",
   Year="2002",
   Volume="74",
   Number="5",
   Pages="652--655",
   Month="Sep"
}

% 12115331 
@Article{pmid12115331,
   Author="Fuchs, J.  and Rydzynski, J.  and Von Schweinitz, D.  and Bode, U.  and Hecker, H.  and Weinel, P.  and Bürger, D.  and Harms, D.  and Erttmann, R.  and Oldhafer, K.  and Mildenberger, H. ",
   Title="{{P}retreatment prognostic factors and treatment results in children with hepatoblastoma: a report from the {G}erman {C}ooperative {P}ediatric {L}iver {T}umor {S}tudy {H}{B} 94}",
   Journal="Cancer",
   Year="2002",
   Volume="95",
   Number="1",
   Pages="172--182",
   Month="Jul"
}

% 11965049 
@Article{pmid11965049,
   Author="Kairemo, K. J.  and Lindahl, H.  and Merenmies, J.  and Föhr, A.  and Nikkinen, P.  and Karonen, S. L.  and Makipernaa, A.  and Höckerstedt, K.  and Goldenberg, D. M.  and Heikinheimo, M. ",
   Title="{{A}nti-alpha-fetoprotein imaging is useful for staging hepatoblastoma}",
   Journal="Transplantation",
   Year="2002",
   Volume="73",
   Number="7",
   Pages="1151--1154",
   Month="Apr"
}

% 11920482 
@Article{pmid11920482,
   Author="Schnater, J. M.  and Aronson, D. C.  and Plaschkes, J.  and Perilongo, G.  and Brown, J.  and Otte, J. B.  and Brugieres, L.  and Czauderna, P.  and MacKinlay, G.  and Vos, A. ",
   Title="{{S}urgical view of the treatment of patients with hepatoblastoma: results from the first prospective trial of the {I}nternational {S}ociety of {P}ediatric {O}ncology {L}iver {T}umor {S}tudy {G}roup}",
   Journal="Cancer",
   Year="2002",
   Volume="94",
   Number="4",
   Pages="1111--1120",
   Month="Feb"
}

% 11819207 
@Article{pmid11819207,
   Author="Pimpalwar, A. P.  and Sharif, K.  and Ramani, P.  and Stevens, M.  and Grundy, R.  and Morland, B.  and Lloyd, C.  and Kelly, D. A.  and Buckles, J. A.  and de Ville De Goyet, J. ",
   Title="{{S}trategy for hepatoblastoma management: {T}ransplant versus nontransplant surgery}",
   Journal="J Pediatr Surg",
   Year="2002",
   Volume="37",
   Number="2",
   Pages="240--245",
   Month="Feb"
}

% 11792985 
@Article{pmid11792985,
   Author="Chardot, C.  and Saint Martin, C.  and Gilles, A.  and Brichard, B.  and Janssen, M.  and Sokal, E.  and Clapuyt, P.  and Lerut, J.  and Reding, R.  and Otte, J. B. ",
   Title="{{L}iving-related liver transplantation and vena cava reconstruction after total hepatectomy including the vena cava for hepatoblastoma}",
   Journal="Transplantation",
   Year="2002",
   Volume="73",
   Number="1",
   Pages="90--92",
   Month="Jan"
}

% 10839879 
@Article{pmid10839879,
   Author="Reyes, J. D.  and Carr, B.  and Dvorchik, I.  and Kocoshis, S.  and Jaffe, R.  and Gerber, D.  and Mazariegos, G. V.  and Bueno, J.  and Selby, R. ",
   Title="{{L}iver transplantation and chemotherapy for hepatoblastoma and hepatocellular cancer in childhood and adolescence}",
   Journal="J Pediatr",
   Year="2000",
   Volume="136",
   Number="6",
   Pages="795--804",
   Month="Jun"
}

% 10466608 
@Article{pmid10466608,
   Author="Al-Qabandi, W.  and Jenkinson, H. C.  and Buckels, J. A.  and Mayer, A. D.  and McKiernan, P.  and Morland, B.  and John, P.  and Kelly, D. ",
   Title="{{O}rthotopic liver transplantation for unresectable hepatoblastoma: a single center's experience}",
   Journal="J Pediatr Surg",
   Year="1999",
   Volume="34",
   Number="8",
   Pages="1261--1264",
   Month="Aug"
}

% 9591340 
@Article{pmid9591340,
   Author="Yoshinari, M.  and Imaizumi, M.  and Hayashi, Y.  and Sato, A.  and Saito, T.  and Suzuki, H.  and Saisho, T.  and Abukawa, D.  and Ogawa, E.  and Aikawa, J.  and Goto, K.  and Satoh, T.  and Ohi, R.  and Iinuma, K. ",
   Title="{{P}eripheral blood stem cell transplantation for hepatoblastoma with microscopical residue: a therapeutic approach for incompletely resected tumor}",
   Journal="Tohoku J Exp Med",
   Year="1998",
   Volume="184",
   Number="3",
   Pages="247--254",
   Month="Mar"
}

% 9149752 
@Article{pmid9149752,
   Author="Robertson, P. L.  and Muraszko, K. M.  and Axtell, R. A. ",
   Title="{{H}epatoblastoma metastatic to brain: prolonged survival after multiple surgical resections of a solitary brain lesion}",
   Journal="J Pediatr Hematol Oncol",
   Year="1997",
   Volume="19",
   Number="2",
   Pages="168--171"
}

% 9494762 
@Article{pmid9494762,
   Author="Douglass, E. C. ",
   Title="{{H}epatic malignancies in childhood and adolescence (hepatoblastoma, hepatocellular carcinoma, and embryonal sarcoma)}",
   Journal="Cancer Treat Res",
   Year="1997",
   Volume="92",
   Pages="201--212"
}

% 8749932 
@Article{pmid8749932,
   Author="Kitahara, S.  and Makuuchi, M.  and Ishizone, S.  and Terada, M.  and Kawasaki, S.  and Nakahata, T.  and Komiyama, A. ",
   Title="{{S}uccessful left trisegmentectomy for ruptured hepatoblastoma using intraoperative transarterial embolization}",
   Journal="J Pediatr Surg",
   Year="1995",
   Volume="30",
   Number="12",
   Pages="1709--1712",
   Month="Dec"
}

% 7796018 
@Article{pmid7796018,
   Author="Stringer, M. D.  and Hennayake, S.  and Howard, E. R.  and Spitz, L.  and Shafford, E. A.  and Mieli-Vergani, G.  and Saxena, R.  and Malone, M.  and Dicks-Mireaux, C.  and Karani, J. ",
   Title="{{I}mproved outcome for children with hepatoblastoma}",
   Journal="Br J Surg",
   Year="1995",
   Volume="82",
   Number="3",
   Pages="386--391",
   Month="Mar"
}

% 7754739 
@Article{pmid7754739,
   Author="Van Bastelaere, S.  and Quisthoudt, P.  and Coene, L.  and Jutten, G.  and Vanderputte, S.  and Cerckel, L. ",
   Title="{{H}epatoblastoma: actual therapeutic strategies. {A} case report}",
   Journal="Acta Chir Belg",
   Year="1995",
   Volume="95",
   Number="2",
   Pages="92--94"
}

% 8640025 
@Article{pmid8640025,
   Author="Inoue, S.  and Nagao, T.  and Ishida, Y.  and Wada, C.  and Beck, Y.  and Uchida, H.  and Okudaira, M. ",
   Title="{{S}uccessful resection of a large hepatoblastoma in a young adult: report of a case}",
   Journal="Surg Today",
   Year="1995",
   Volume="25",
   Number="11",
   Pages="974--977"
}

% 1328586 
@Article{pmid1328586,
   Author="Reynolds, M.  and Douglass, E. C.  and Finegold, M.  and Cantor, A.  and Glicksman, A. ",
   Title="{{C}hemotherapy can convert unresectable hepatoblastoma}",
   Journal="J Pediatr Surg",
   Year="1992",
   Volume="27",
   Number="8",
   Pages="1080--1083",
   Month="Aug"
}

% 1323649 
@Article{pmid1323649,
   Author="Tagge, E. P.  and Tagge, D. U.  and Reyes, J.  and Tzakis, A.  and Iwatsuki, S.  and Starzl, T. E.  and Wiener, E. S. ",
   Title="{{R}esection, including transplantation, for hepatoblastoma and hepatocellular carcinoma: impact on survival}",
   Journal="J Pediatr Surg",
   Year="1992",
   Volume="27",
   Number="3",
   Pages="292--296",
   Month="Mar"
}

% 2544067 
@Article{pmid2544067,
   Author="Mildenberger, H.  and Bürger, D.  and Weinel, P. ",
   Title="{[{H}epatoblastoma: a catamnestic study and proposal of a therapy concept]}",
   Journal="Z Kinderchir",
   Year="1989",
   Volume="44",
   Number="2",
   Pages="78--82",
   Month="Apr"
}

% 2557573 
@Article{pmid2557573,
   Author="Barton, J. W.  and Keller, M. S. ",
   Title="{{L}iver transplantation for hepatoblastoma in a child with congenital absence of the portal vein}",
   Journal="Pediatr Radiol",
   Year="1989",
   Volume="20",
   Number="1-2",
   Pages="113--114"
}

% 2852560 
@Article{pmid2852560,
   Author="Gauthier, F.  and Saliou, C.  and Valayer, J.  and Montupet, P. ",
   Title="{[{S}urgery of hepatoblastoma and hepatocarcinoma in children in the era of preoperative chemotherapy. {C}urrent progress and limitations]}",
   Journal="Chir Pediatr",
   Year="1988",
   Volume="29",
   Number="6",
   Pages="307--312"
}

